@inproceedings{Vu_DMap_ICDCS_2012,
title = {DMap: A Shared Hosting Scheme for Dynamic Identifier to Locator Mappings in the Global Internet},
author= {Vu, Tam and Baid, Akash and Zhang, Yanyong and  Nguyen, Thu and  Fukuyama, Yanyong and Martin, Richard and Raychaudhuri, Dipankar},  
 booktitle = {Proceedings of IEEE ICDCS, the 32nd International Conference on Distributed Computing Systems},
 series = {ICDCS '12},
 year = {2012},
location={Macau, Macau},
 numpages = {10},
 publisher = {{IEEE}},
 address = {Macau, Macau},
 keywords = {future internet, naming, addressing, scalability, performance, evaluation },
} 
