@misc{rfc1035,
  author="P.V. Mockapetris",
  title="{Domain names - implementation and specification}",
  series="Request for Comments",
  number="1035",
  howpublished="RFC 1035 (Standard)",
  publisher="IETF",
  organization="Internet Engineering Task Force",
  year=1987,
  month=nov,
    note="Updated by RFCs 1101, 1183, 1348, 1876, 1982, 1995, 1996, 2065, 2136, 2181, 2137, 2308, 2535, 2845, 3425, 3658, 4033, 4034, 4035, 4343, 5936, 5966, 6604",
  url="http://www.ietf.org/rfc/rfc1035.txt",
}
@INPROCEEDINGS{tamvu-dmap, 
	author={Tam Vu and Baid, A. and Zhang, Y. and Nguyen, T.D. and Fukuyama, J.
		and Martin, R.P. and Raychaudhuri, D.}, 
	booktitle={Distributed Computing Systems (ICDCS), 2012 IEEE 32nd
		International Conference on}, 
	title={DMap: A Shared Hosting Scheme for Dynamic Identifier to Locator
		Mappings in the Global Internet}, 
	year={2012}, 
	pages={698-707}, 
	doi={10.1109/ICDCS.2012.50}, 
	ISSN={1063-6927},
}

@INPROCEEDINGS{orbit, 
	author={Raychaudhuri, D. and Seskar, I. and Ott, M. and Ganu, S. and
		Ramachandran, K. and Kremo, H. and Siracusa, R. and Liu, H. and Singh,
		M.}, 
	booktitle={Wireless Communications and Networking Conference, 2005 IEEE}, 
	title={Overview of the ORBIT radio grid testbed for evaluation of
		next-generation wireless network protocols}, 
	year={2005}, 
	volume={3}, 
	pages={1664-1669 Vol. 3}, 
	doi={10.1109/WCNC.2005.1424763}, 
	ISSN={1525-3511},
}
